of@article
{Sharp:2019:NIT,
author = {Nicholas Sharp and Yousuf Soliman and Keenan Crane},
title = {Navigating Intrinsic Triangulations},
journal = {ACM Trans. Graph.},
volume = {38},
number = {4},
year = {2019},
publisher = {ACM},
address = {New York, NY, USA},
}
@article{Bobenko:2007:LaplaceBeltrami,
   title={A Discrete Laplace–Beltrami Operator for Simplicial Surfaces},
   volume={38},
   ISSN={1432-0444},
   url={http://dx.doi.org/10.1007/s00454-007-9006-1},
   DOI={10.1007/s00454-007-9006-1},
   number={4},
   journal={Discrete \& Computational Geometry},
   publisher={Springer Science and Business Media LLC},
   author={Bobenko, Alexander I. and Springborn, Boris A.},
   year={2007},
   month={Sep},
   pages={740–756}
   }
@article{Bobenko:2015:Topology,
   title={Discrete conformal maps and ideal hyperbolic polyhedra},
   volume={19},
   ISSN={1465-3060},
   url={http://dx.doi.org/10.2140/gt.2015.19.2155},
   DOI={10.2140/gt.2015.19.2155},
   number={4},
   journal={Geometry \& Topology},
   publisher={Mathematical Sciences Publishers},
   author={Bobenko, Alexander I and Pinkall, Ulrich and Springborn, Boris A},
   year={2015},
   month={Jul},
   pages={2155–2215}
   }

@article{boris1934delaunay,
  title={Delaunay. Sur la sphere vide},
  author={Boris, N},
  journal={Izvestia Akademia Nauk SSSR, VII Seria, Otdelenie Matematicheskii i Estestvennyka Nauk},
  volume={7},
  pages={793--800},
  year={1934}
}

@article{Bobenko:2006:SIGGRAPH,
  title={An algorithm for the construction of intrinsic Delaunay triangulations with applications to digital geometry processing},
  author={Fisher, Matthew and Springborn, Boris and Schr{\"o}der, Peter and Bobenko, Alexander I},
  journal={Computing},
  volume={81},
  number={2-3},
  pages={199--213},
  year={2007},
  publisher={Springer}
}

@misc{geometrycentral,
  title = {geometry-central},
  author = {Nicholas Sharp and Keenan Crane and others},
  note = {www.geometry-central.net},
  year = {2019}
}

@misc{polyscope,
  title = {Polyscope},
  author = {Nicholas Sharp and others},
  note = {www.polyscope.run},
  year = {2019}
}

@INPROCEEDINGS{Shilane:2004:SMI,
  author={P. {Shilane} and P. {Min} and M. {Kazhdan} and T. {Funkhouser}},
  booktitle={Proceedings Shape Modeling Applications, 2004.}, 
  title={The Princeton Shape Benchmark}, 
  year={2004},
  volume={},
  number={},
  pages={167-178},
  doi={10.1109/SMI.2004.1314504}}
  
  @article{Myles:2014:ACM,
author = {Myles, Ashish and Pietroni, Nico and Zorin, Denis},
title = {Robust Field-Aligned Global Parametrization},
year = {2014},
issue_date = {July 2014},
publisher = {Association for Computing Machinery},
address = {New York, NY, USA},
volume = {33},
number = {4},
issn = {0730-0301},
url = {https://doi.org/10.1145/2601097.2601154},
doi = {10.1145/2601097.2601154},
journal = {ACM Trans. Graph.},
month = jul,
articleno = {135},
numpages = {14},
keywords = {parametrization, geometric modeling}
}

@misc{zhou:2016:thingi10k,
      title={Thingi10K: A Dataset of 10,000 3D-Printing Models}, 
      author={Qingnan Zhou and Alec Jacobson},
      year={2016},
      eprint={1605.04797},
      archivePrefix={arXiv},
      primaryClass={cs.GR}
}

@book{hirsch:2012:differential,
  title={Differential Topology},
  author={Hirsch, M.W.},
  isbn={9781468494495},
  series={Graduate Texts in Mathematics},
  url={https://books.google.de/books?id=emTmBwAAQBAJ},
  year={2012},
  publisher={Springer New York}
}

@article{SHEWCHUK:2002:chuws,
title = {Delaunay refinement algorithms for triangular mesh generation},
journal = {Computational Geometry},
volume = {22},
number = {1},
pages = {21-74},
year = {2002},
note = {16th ACM Symposium on Computational Geometry},
issn = {0925-7721},
doi = {https://doi.org/10.1016/S0925-7721(01)00047-5},
url = {https://www.sciencedirect.com/science/article/pii/S0925772101000475},
author = {Jonathan Richard Shewchuk},
keywords = {Triangular mesh generation, Delaunay triangulation, Constrained Delaunay triangulation, Delaunay refinement, Computational geometry},
}

@article{Guibas:1985:ACM,
author = {Guibas, Leonidas and Stolfi, Jorge},
title = {Primitives for the Manipulation of General Subdivisions and the Computation of Voronoi},
year = {1985},
issue_date = {April 1985},
publisher = {Association for Computing Machinery},
address = {New York, NY, USA},
volume = {4},
number = {2},
issn = {0730-0301},
url = {https://doi.org/10.1145/282918.282923},
doi = {10.1145/282918.282923},
journal = {ACM Trans. Graph.},
month = apr,
pages = {74–123},
numpages = {50},
keywords = {Voronoi and Delaunay diagrams, convex hull, point location, computational topology, geometric primitives, trianglations, nearest neighbours, representation of polynedra, Euler operators, planar graphs, closest point}
}

@inproceedings{Polthier:2006:SIGGRAPH,
author = {Polthier, Konrad and Schmies, Markus},
title = {Straightest Geodesics on Polyhedral Surfaces},
year = {2006},
isbn = {1595933646},
publisher = {Association for Computing Machinery},
address = {New York, NY, USA},
url = {https://doi.org/10.1145/1185657.1185664},
doi = {10.1145/1185657.1185664},
booktitle = {ACM SIGGRAPH 2006 Courses},
pages = {30–38},
numpages = {9},
location = {Boston, Massachusetts},
series = {SIGGRAPH '06}
}


@MISC{Schindler:2012:barycentriccoordinates,
    author = {Max Schindler and Evan Chen},
    title = {Barycentric Coordinates in Olympiad Geometry},
    year = {2012}
}

@book{cheng2016delaunay,
  title={Delaunay Mesh Generation},
  author={Cheng, S.W. and Dey, T.K. and Shewchuk, J.},
  isbn={9781584887317},
  lccn={2012031208},
  series={Chapman \& Hall/CRC Computer and Information Science Series},
  url={https://books.google.de/books?id=oJ3SBQAAQBAJ},
  year={2016},
  publisher={CRC Press}
}


@techreport{chew1989guaranteed,
  title={Guaranteed-quality triangular meshes},
  author={Chew, L Paul},
  year={1989},
  institution={CORNELL UNIV ITHACA NY DEPT OF COMPUTER SCIENCE}
}

     
     
     @inproceedings{MiTaTeWa1995ACM,
  title={A Delaunay based numerical method for three dimensions: generation, formulation, and partition},
  author={Miller, Gary L and Talmor, Dafna and Teng, Shang-Hua and Walkington, Noel},
  booktitle={Proceedings of the twenty-seventh annual ACM symposium on Theory of computing},
  pages={683--692},
  year={1995}
}

     
     
@article{lee:1986:DelaunayTriangulation,
  title={Generalized Delaunay triangulation for planar graphs},
  author={Lee, Der-Tsai and Lin, Arthur K},
  journal={Discrete \& Computational Geometry},
  volume={1},
  number={3},
  pages={201--217},
  year={1986},
  publisher={Springer}
}
@book{shewchuk:1997:delaunay,
  title={Delaunay refinement mesh generation},
  author={Shewchuk, Jonathan Richard},
  year={1997},
  publisher={Carnegie Mellon University}
}

@article{Marshall:1970:Uniform,
author = {Bern, Marshall and Eppstein, David},
year = {1970},
month = {02},
pages = {},
title = {Mesh Generation And Optimal Triangulation},
isbn = {978-981-02-1876-8},
doi = {10.1142/9789814355858_0002}
}


@inproceedings{chew:1989:guaranteed,
  title={Guaranteed-quality mesh generation for curved surfaces},
  author={Chew, L Paul},
  booktitle={Proceedings of the ninth annual symposium on Computational geometry},
  pages={274--280},
  year={1993}
}



@inproceedings{chew:1993:guaranteed,
  title={Guaranteed-quality mesh generation for curved surfaces},
  author={Chew, L Paul},
  booktitle={Proceedings of the ninth annual symposium on Computational geometry},
  pages={274--280},
  year={1993}
}


@article{ruppert:1995:delaunay,
  title={A Delaunay refinement algorithm for quality 2-dimensional mesh generation},
  author={Ruppert, Jim},
  journal={Journal of algorithms},
  volume={18},
  number={3},
  pages={548--585},
  year={1995},
  publisher={Elsevier}
}

@article{Frey:1987:Umkreismittelpunkt,
author = {Frey, William H.},
title = {Selective refinement: A new strategy for automatic node placement in graded triangular meshes},
journal = {International Journal for Numerical Methods in Engineering},
volume = {24},
number = {11},
pages = {2183-2200},
doi = {https://doi.org/10.1002/nme.1620241111},
url = {https://onlinelibrary.wiley.com/doi/abs/10.1002/nme.1620241111},
eprint = {https://onlinelibrary.wiley.com/doi/pdf/10.1002/nme.1620241111},
year = {1987}
}

@inproceedings{Bogo:CVPR:2014,
      title = {{FAUST}: Dataset and evaluation for {3D} mesh registration},
      author = {Bogo, Federica and Romero, Javier and Loper, Matthew and Black, Michael J.},
      booktitle = { Proceedings IEEE Conf. on Computer Vision and Pattern Recognition (CVPR)},
      address = {Piscataway, NJ, USA},
      publisher = {IEEE},
      month = jun,
      year = {2014}
    }
    
    @article {10.1111:cgf.14353,
journal = {Computer Graphics Forum},
title = {{SimJEB: Simulated Jet Engine Bracket Dataset}},
author = {Whalen, Eamon and Beyene, Azariah and Mueller, Caitlin},
year = {2021},
publisher = {The Eurographics Association and John Wiley & Sons Ltd.},
ISSN = {1467-8659},
DOI = {10.1111/cgf.14353}
}


@inproceedings{Koch_2019_CVPR,
  title={Abc: A big cad model dataset for geometric deep learning},
  author={Koch, Sebastian and Matveev, Albert and Jiang, Zhongshi and Williams, Francis and Artemov, Alexey and Burnaev, Evgeny and Alexa, Marc and Zorin, Denis and Panozzo, Daniele},
  booktitle={Proceedings of the IEEE/CVF Conference on Computer Vision and Pattern Recognition},
  pages={9601--9611},
  year={2019}
}


@inproceedings{erickson:2005:generator,
  title={Greedy optimal homotopy and homology generators},
  author={Erickson, Jeff and Whittlesey, Kim},
  booktitle={SODA},
  volume={5},
  pages={1038--1046},
  year={2005}
}




@misc{boes:2016:polyeder,
  title={Polyeder und Platonische K{\"o}rper},
  author={Boes, Linus},
  year={2016}
}
@book{richeson:2012:euler,
  title={Euler's gem},
  author={Richeson, David S},
  year={2012},
  publisher={Princeton University Press}
}

@InProceedings{ungoe:2004:off-center,
author="{\"U}ng{\"o}r, Alper",
editor="Farach-Colton, Mart{\'i}n",
title="Off-Centers: A New Type of Steiner Points for Computing Size-Optimal Quality-Guaranteed Delaunay Triangulations",
booktitle="LATIN 2004: Theoretical Informatics",
year="2004",
publisher="Springer Berlin Heidelberg",
address="Berlin, Heidelberg",
pages="152--161",
}


@article{aurenhammer:2000:voronoi,
  title={Voronoi Diagrams.},
  author={Aurenhammer, Franz and Klein, Rolf},
  journal={Handbook of computational geometry},
  volume={5},
  number={10},
  pages={201--290},
  year={2000}
}


@inproceedings{xin:2011:geodesic_delaunay,
  title={Isotropic mesh simplification by evolving the geodesic delaunay triangulation},
  author={Xin, Shi-Qing and Chen, Shuang-Min and He, Ying and Wang, Guo-Jin and Gu, Xianfeng and Qin, Hong},
  booktitle={2011 Eighth International Symposium on Voronoi Diagrams in Science and Engineering},
  pages={39--47},
  year={2011},
  organization={IEEE}
}

@article{liu:2017:geodesic_Voronoi,
  title={Constructing intrinsic Delaunay triangulations from the dual of geodesic Voronoi diagrams},
  author={Liu, Yong-Jin and Fan, Dian and Xu, Chun-Xu and He, Ying},
  journal={ACM Transactions on Graphics (TOG)},
  volume={36},
  number={2},
  pages={1--15},
  year={2017},
  publisher={ACM New York, NY, USA}
}


@article{betke:1984:2-Mannigfaltigkeiten,
  title={Polyedrische 2-Mannigfaltigkeiten mit wenigen nicht-konvexen Ecken},
  author={Betke, U and Gritzmann, P},
  journal={Monatshefte f{\"u}r Mathematik},
  volume={97},
  number={1},
  pages={1--21},
  year={1984},
  publisher={Springer}
}

@article{chen:2004:optimal-delaunay-triangulation,
  title={Optimal delaunay triangulations},
  author={Chen, Long and Xu, Jin-chao},
  journal={Journal of Computational Mathematics},
  pages={299--308},
  year={2004},
  publisher={JSTOR}
}
@inproceedings{chen:2004:mesh-odt,
  title={Mesh Smoothing Schemes Based on Optimal Delaunay Triangulations.},
  author={Chen, Long},
  booktitle={IMR},
  pages={109--120},
  year={2004},
  organization={Citeseer}
}
@article{mulzer:2008:minimum,
  title={Minimum-weight triangulation is NP-hard},
  author={Mulzer, Wolfgang and Rote, G{\"u}nter},
  journal={Journal of the ACM (JACM)},
  volume={55},
  number={2},
  pages={1--29},
  year={2008},
  publisher={ACM New York, NY, USA}
}
@article{indermitte:2001:voronoi,
  title={Voronoi diagrams on piecewise flat surfaces and an application to biological growth},
  author={Indermitte, Claude and Liebling, Th M and Troyanov, Marc and Cl{\'e}men{\c{c}}on, Heinz},
  journal={Theoretical Computer Science},
  volume={263},
  number={1-2},
  pages={263--274},
  year={2001},
  publisher={Elsevier}
}
@inproceedings{lambert:1994:delaunay,
  title={The Delaunay triangulation maximizes the mean inradius.},
  author={Lambert, Timothy},
  booktitle={CCCG},
  pages={201--206},
  year={1994},
  organization={Citeseer}
}


@article{rand:2011:Miller-Pav-Walkington,
  title={Where and How Chew’s Second Delaunay Refinement Algorithm Works},
  author={Rand, Alexander},
  publisher={Citeseer},
   booktitle={CCCG},
  year={2011}
}


@incollection{lawson:1977:lawson-algorithmus,
  title={Software for C1 surface interpolation},
  author={Lawson, Charles L},
  booktitle={Mathematical software},
  pages={161--194},
  year={1977},
  publisher={Elsevier}
}
@article{hatcher:2005:deltakomplex,
  title={Hatcher, A. Algebraic topology (Cambridge University Press, 2002), 556 pp., 0 521 79540 0 (softback),{\pounds} 20.95, 0 521 79160 X (hardback),{\pounds} 60},
  author={MERKULOV, S},
  journal={Proceedings of the Edinburgh Mathematical Society},
  volume={46},
  number={2},
  pages={511--512},
  year={2003},
  publisher={Cambridge University Press}
}
 @misc{Gjacquenot:2013:delaunay-circumcircles,
   author = "Gjacquenot",
   title = "File:Delaunay circumcircles vectorial.svg",
   year = "2013",
   url = "https:\/\/commons.wikimedia.org\/wiki\/File:Delaunay\_circumcircles.png",
   note = "[Online; accessed 24-11-2021]"
 }
 @misc{Hferee:2011:delaunay-voronoi,
   author = "Hferee",
   title = "File:Delaunay\_Voronoi.svg",
   year = "2011",
   url = "https:\/\/commons.wikimedia.org\/wiki\/File:Delaunay\_Voronoi.png",
   note = "[Online; accessed 24-11-2021]"
 }
 
 @book{mantyla:1987:halfedge,
  title={An introduction to solid modeling},
  author={M{\"a}ntyl{\"a}, Martti},
  year={1987},
  publisher={Computer Science Press, Inc.}
}

